@misc{What,
	title = "What is version control?",
	howpublished = "\url{https://about.gitlab.com/topics/version-control/}",
}
@misc{Git,
	author = "Scott Chacon and Ben Straub",
	title = "Getting Started - What is Git?",
	howpublished = "\url{https://git-scm.com/book/en/v2/Getting-Started-What-is-Git%3F}",
}
@misc{Version,
	author = "Jacob Stopak",
	title = "The Evolution Of Version Control System",
	howpublished = "\url{https://initialcommit.com/blog/Technical-Guide-VCS-Internals}",
}
@misc{Azure,
	author = "Jamie Cool",
	title = "Azure DevOps",
	howpublished = "\url{https://azure.microsoft.com/en-us/blog/introducing-azure-devops/}",
}



